<record><leader>00000cas a22000007a 4500</leader><controlfield tag="001">14783362</controlfield><controlfield tag="008">861120d18971898paudn ne      0    0eng d</controlfield><datafield ind1=" " ind2=" " tag="010"><subfield code="a">sn 86083397 </subfield></datafield><datafield ind1=" " ind2=" " tag="040"><subfield code="a">NPH</subfield><subfield code="b">eng</subfield><subfield code="c">NPH</subfield><subfield code="d">CRL</subfield><subfield code="d">OCLCQ</subfield></datafield><datafield ind1=" " ind2=" " tag="042"><subfield code="a">msc</subfield></datafield><datafield ind1="0" ind2="0" tag="245"><subfield code="a">Homestead daily news.</subfield></datafield><datafield ind1="3" ind2="0" tag="246"><subfield code="a">Homestead news</subfield></datafield><datafield ind1=" " ind2=" " tag="260"><subfield code="a">Homestead, Pa. :</subfield><subfield code="b">Chas. A. Sweadner,</subfield><subfield code="c">1897-1898.</subfield></datafield><datafield ind1=" " ind2=" " tag="300"><subfield code="a">1 v.</subfield></datafield><datafield ind1=" " ind2=" " tag="310"><subfield code="a">Daily (except Sun.)</subfield></datafield><datafield ind1="0" ind2=" " tag="362"><subfield code="a">Vol. 17, no. 64 (Nov. 6, 1897)-v. 17, no. 210 (Apr. 30, 1898).</subfield></datafield><datafield ind1=" " ind2=" " tag="752"><subfield code="a">United States</subfield><subfield code="b">Pennsylvania</subfield><subfield code="c">Allegheny</subfield><subfield code="d">Homestead.</subfield></datafield><datafield ind1="0" ind2="0" tag="780"><subfield code="t">Homestead news (Homestead, Pa. : 1893)</subfield><subfield code="w">(DLC)sn 88080992</subfield></datafield><datafield ind1="0" ind2="7" tag="785"><subfield code="t">Homestead daily messenger</subfield><subfield code="w">(DLC)sn 86083399</subfield></datafield><datafield ind1="0" ind2="7" tag="785"><subfield code="t">Homestead news-messenger</subfield><subfield code="w">(DLC)sn 85055224</subfield><subfield code="w">(OCoLC)12791041</subfield></datafield></record>